@misc{ettus_n2x0,
    title={{USRP\texttrademark N200/N210 NETWORKED SERIES}},
    url = {http://www.ettus.com/content/files/07495_Ettus_N200-210_DS_Flyer_HR_1.pdf},
    urldate = {2015-02-18}
}

@misc{flo,
    title={SDR-based RFID Reader with Sub-Symbol-Synchronization},
    author={F Galler},
    year={2014}
}
